@article{myjournal,
  author={T. Rinkou},
  title={Hogehoge},
  journal={IEICE Transaction on Communications},
  volume={E00-B},
  number={0},
  pages={1--10},
  month={2},
  year={2020},
}
