@article{yamaoka,
  title={A packet routing method based on game theory},
  author={Yamaoka, Katsunori and Sakai, Yoshinori},
  journal={Electronics and Communications in Japan (Part I: Communications)},
  volume={81},
  number={8},
  pages={89--96},
  year={1998},
  publisher={Wiley Online Library}
}
